@inproceedings{isci2003,
author={Isci, Canturk and Martonosi, Margaret},
title={Runtime Power Monitoring in High-End Processors: Methodology and Empirical Data},
booktitle={Proceedings of the 36th annual IEEE/ACM International Symposium on Microarchitecture},
series={MICRO 36},
year={2003},
isbn={0-7695-2043-X},
pages={93--},
url={http://dl.acm.org/citation.cfm?id=956417.956567},
acmid={956567},
publisher={IEEE Computer Society},
address={Washington, DC, USA},
}

@inproceedings{feng2005,
author={Xizhou Feng and Rong Ge and Cameron, K.W.},
booktitle={Parallel and Distributed Processing Symposium, 2005.
Proceedings. 19th IEEE International},  title={Power and Energy
Profiling of Scientific Applications on Distributed Systems},
year={2005},
pages={34-34},
keywords={natural sciences computing;parallel processing;power
consumption;resource allocation;32-node Beowulf cluster;distributed
systems;energy consumption;high-performance system;parallel scientific
application;power consumption;power-performance profiles;Application
software;Computer science;Costs;Design engineering;Earth;Energy
consumption;Kirk field collapse effect;Laboratories;Maintenance
engineering;Temperature},
doi={10.1109/IPDPS.2005.346},
}

@inproceedings{bedard2011,
author={Bedard, D. and Min Yeol Lim and Fowler, R. and Porterfield, A.},
booktitle={IEEE SoutheastCon 2010 (SoutheastCon), Proceedings of the},
title={PowerMon: Fine-grained and integrated power monitoring for commodity computer systems},
year={2010},
pages={479-484},
keywords={computerised monitoring;peripheral interfaces;power
aware computing;PowerMon device;PowerMon2 device;USB interface;commodity
computer systems;current monitoring;disks;graphical processing
units;measurement channels;power monitoring;voltage monitoring;Computer
applications;Computer displays;Computerized monitoring;Current
measurement;Energy consumption;Performance analysis;Power
measurement;Power supplies;Rails;Voltage},
doi={10.1109/SECON.2010.5453824},
}
